@inproceedings{Wendi:HICSS2000,
 author    = {Wendi Rabiner Heinzelman and Anantha Chandrakasan and Hari Balakrishnan},
 title     = {Energy-Efficient Communication Protocol for Wireless Microsensor Networks},
 booktitle = {Proceedings of the 33rd Hawaii International Conference on System Sciences},
 pages     = {3005--3014},
 year      = 2000,
 month     = jan
}

@Article{Yogen:ACMComm,
 author    = {Yogen Dalal and Robert Metcalfe},
 title     = {Reverse Path Forwarding of Broadcast Packets},
 journal   = {Communications of the ACM},
 volume    = {21},
 no        = {2},
 pages     = {1040--1048},
 year      = 1978,
 month     = dec
}

@Article{Hedetniemi:IEEENetwork,
 author    = {Sandra Hedetniemi and Stephan Hedetniemi and Arthur Liestman},
 title     = {A survey of gossiping and broadcasting in communication networks},
 journal   = {IEEE Networks},
 volume    = {18},
 no        = {4},
 pages     = {319--349},
 year      = 1988
}

@inproceedings{Yuvraj:ASPDAC2005,
 author    = {Yuvraj Agarwal and Curt Schurgets and Rajesh Gupta},
 title     = {Dynamic Power Management using On Demand Paging for Networked Embedded Systems},
 booktitle = {Proceedings of the 19th Asia and South Pacific Design Automation Conference 2005},
 pages     = {755--759},
 year      = 2005,
 month     = jan
}

@Misc{NS2,
  title =	 {The network simulator -- ns2},
  note =	 {available at \url{http://www.isi.edu/nsnam/ns/}}
}

@Misc{report,
  title =	 {タスクの公開刑事によるTODOリスト利用促進システム「ぷくりす」の開発},
  author = {谷岡　遼太 吉野　孝},
  note =	 {available at \url{https://ipsj.ixsq.nii.ac.jp/ej/?action=pages_view_main&active_action=repository_view_main_item_detail&item_id=97328&item_no=1&page_id=13&block_id=8}}
}

@Misc{python,
  title =	 {python totrial},
  note =	 {available at \url{https://docs.python.org/ja/3/tutorial/index.html}}
}

@Misc{django,
  title =	 {django},
  note =	 {available at \url{https://docs.djangoproject.com/ja/3.1/}}
}

@Misc{jQuery,
  title =	 {jQuery 日本語リファレンス},
  note =	 {available at \url{http://semooh.jp/jquery/}}
}

@Misc{bootstrap,
  title =	 {bootstrap},
  note =	 {available at \url{https://getbootstrap.jp/}}
}

@Misc{datepicker,
  title =	 {jQuery user interface},
  note =	 {available at \url{https://jqueryui.com/datepicker/}}
}

@Misc{message,
  title =	 {django documents},
  note =	 {available at \url{https://docs.djangoproject.com/en/3.1/ref/contrib/messages/}}
}

@Misc{models,
  title =	 {django documents},
  note =	 {available at \url{https://docs.djangoproject.com/en/3.1/topics/db/models/}}
}

@Misc{urls,
  title =	 {django documetns},
  note =	 {available at \url{https://docs.djangoproject.com/ja/3.1/intro/tutorial03/}}
}

@Misc{views,
  title =	 {django documetns},
  note =	 {available at \url{https://docs.djangoproject.com/ja/3.1/intro/tutorial03/}}
}